% References
%40

%39

%38
@misc{bval,
  author = {Maruti Techlabs},
  title = {{`5 Advantages Recommendation Engines can Offer to Businesses'}},
  howpublished = "\url{https://towardsdatascience.com/5-advantages-recommendation-engines-can-offer-to-businesses-10b663977673}",
  year = {2017}, 
  note = "[Online; accessed 20-Aug-2020]"
}


%37
@misc{wkurt,
  author = {Wikipedia},
  title = {{`Kurtosis'}},
  howpublished = "\url{https://en.wikipedia.org/wiki/Kurtosis#/media/File:Standard_symmetric_pdfs.svg}",
  year = {2020}, 
  note = "[Online; accessed 08-Aug-2020]"
}

%36
@misc{jure,
  author = {Jure Leskovec},
  title = {{WWW-18 Tutorial on
Representation Learning on Networks}},
  howpublished = "\url{http://snap.stanford.edu/proj/embeddings-www/files/nrltutorial-part1-embeddings.pdf}",
  year = {2020}, 
  note = "[Online; accessed 17-July-2020]"
}



%35
@inproceedings{sean,
author = {McNee, Sean M. and Riedl, John and Konstan, Joseph A.},
title = {Being Accurate is Not Enough: How Accuracy Metrics Have Hurt Recommender Systems},
year = {2006},
isbn = {1595932984},
publisher = {Association for Computing Machinery},
address = {New York, NY, USA},
url = {https://doi.org/10.1145/1125451.1125659},
doi = {10.1145/1125451.1125659},
booktitle = {CHI ’06 Extended Abstracts on Human Factors in Computing Systems},
pages = {1097–1101},
numpages = {5},
keywords = {collaborative filtering, personalization, recommender systems, metrics},
location = {Montr\'{e}al, Qu\'{e}bec, Canada},
series = {CHI EA ’06}
}
  


%34
@misc{serene,
  author = {Eugene Yan},
  title = {{Serendipity: Accuracy’s unpopular best friend in Recommender Systems}},
  howpublished = "\url{https://towardsdatascience.com/serendipity-accuracys-unpopular-best-friend-in-recommender-systems-ca079b493f3c}",
  year = {2018}, 
  note = "[Online; accessed 17-May-2020]"
}

%33
@misc{eval,
  author = {Claire Longo},
  title = {{Evaluation Metrics for Recommender Systems}},
  howpublished = "\url{https://towardsdatascience.com/evaluation-metrics-for-recommender-systems-df56c6611093}",
  year = {2018}, 
  note = "[Online; accessed 17-Mar-2020]"
}

%32
@misc{gate,
    title={Gated Graph Sequence Neural Networks},
    author={Yujia Li and Daniel Tarlow and Marc Brockschmidt and Richard Zemel},
    year={2015},
    eprint={1511.05493},
    archivePrefix={arXiv},
    primaryClass={cs.LG}
}
%31
@misc{gsage,
    title={Inductive Representation Learning on Large Graphs},
    author={William L. Hamilton and Rex Ying and Jure Leskovec},
    year={2017},
    eprint={1706.02216},
    archivePrefix={arXiv},
    primaryClass={cs.SI}
}

%30
@misc{mlens,
    title={Geometric Matrix Completion with Recurrent Multi-Graph Neural Networks},
    author={Federico Monti and Michael M. Bronstein and Xavier Bresson},
    year={2017},
    eprint={1704.06803},
    archivePrefix={arXiv},
    primaryClass={cs.LG}
}

%29
@misc{bruna,
    title={Spectral Networks and Locally Connected Networks on Graphs},
    author={Joan Bruna and Wojciech Zaremba and Arthur Szlam and Yann LeCun},
    year={2013},
    eprint={1312.6203},
    archivePrefix={arXiv},
    primaryClass={cs.LG}
}

%28
@misc{verma,
    title={Heterogeneous Edge Embeddings for Friend Recommendation},
    author={Janu Verma and Srishti Gupta and Debdoot Mukherjee and Tanmoy Chakraborty},
    year={2019},
    eprint={1902.03124},
    archivePrefix={arXiv},
    primaryClass={cs.SI}
}

%27
@article{goy,
   title={Graph embedding techniques, applications, and performance: A survey},
   volume={151},
   ISSN={0950-7051},
   url={http://dx.doi.org/10.1016/j.knosys.2018.03.022},
   DOI={10.1016/j.knosys.2018.03.022},
   journal={Knowledge-Based Systems},
   publisher={Elsevier BV},
   author={Goyal, Palash and Ferrara, Emilio},
   year={2018},
   month={Jul},
   pages={78–94}
}


%26
@misc{n2v,
    title={node2vec: Scalable Feature Learning for Networks},
    author={Aditya Grover and Jure Leskovec},
    year={2016},
    eprint={1607.00653},
    archivePrefix={arXiv},
    primaryClass={cs.SI}
}


%25
@article{rw,
   title={DeepWalk},
   ISBN={9781450329569},
   url={http://dx.doi.org/10.1145/2623330.2623732},
   DOI={10.1145/2623330.2623732},
   journal={Proceedings of the 20th ACM SIGKDD international conference on Knowledge discovery and data mining - KDD  ’14},
   publisher={ACM Press},
   author={Perozzi, Bryan and Al-Rfou, Rami and Skiena, Steven},
   year={2014}
}

%24
@inproceedings{cao,
author = {Cao, Shaosheng and Lu, Wei and Xu, Qiongkai},
year = {2015},
month = {10},
pages = {891-900},
title = {GraRep},
doi = {10.1145/2806416.2806512}
}

%23
@inproceedings{ahd,
author = {Ahmed, Amr and Shervashidze, Nino and Narayanamurthy, Shravan and Josifovski, Vanja and Smola, Alexander},
year = {2013},
month = {05},
pages = {37-48},
title = {Distributed Large-scale Natural Graph Factorization},
journal = {WWW 2013 - Proceedings of the 22nd International Conference on World Wide Web},
doi = {10.1145/2488388.2488393}
}

%22
@article{scar,
author = {Scarselli, Franco and Gori, Marco and Tsoi, Ah and Hagenbuchner, Markus and Monfardini, Gabriele},
year = {2009},
month = {01},
pages = {61-80},
title = {The Graph Neural Network Model},
volume = {20},
journal = {IEEE transactions on neural networks / a publication of the IEEE Neural Networks Council},
doi = {10.1109/TNN.2008.2005605}
}

%21
@inproceedings{gori,
author = {Gori, Maria and Monfardini, Gabriele and Scarselli, Franco},
year = {2005},
month = {01},
pages = {729 - 734 vol. 2},
title = {A new model for learning in graph domains},
volume = {2},
isbn = {0-7803-9048-2},
journal = {Proceedings of the International Joint Conference on Neural Networks},
doi = {10.1109/IJCNN.2005.1555942}
}

%20
@misc{sbert,
    title={Sentence-BERT: Sentence Embeddings using Siamese BERT-Networks},
    author={Nils Reimers and Iryna Gurevych},
    year={2019},
    eprint={1908.10084},
    archivePrefix={arXiv},
    primaryClass={cs.CL}
}

%19
@misc{roberta,
    title={RoBERTa: A Robustly Optimized BERT Pretraining Approach},
    author={Yinhan Liu and Myle Ott and Naman Goyal and Jingfei Du and Mandar Joshi and Danqi Chen and Omer Levy and Mike Lewis and Luke Zettlemoyer and Veselin Stoyanov},
    year={2019},
    eprint={1907.11692},
    archivePrefix={arXiv},
    primaryClass={cs.CL}
}

%18
@misc{bert,
    title={BERT: Pre-training of Deep Bidirectional Transformers for Language Understanding},
    author={Jacob Devlin and Ming-Wei Chang and Kenton Lee and Kristina Toutanova},
    year={2018},
    eprint={1810.04805},
    archivePrefix={arXiv},
    primaryClass={cs.CL}
}
%17
@misc{node2vec,
    title={node2vec: Scalable Feature Learning for Networks},
    author={Aditya Grover and Jure Leskovec},
    year={2016},
    eprint={1607.00653},
    archivePrefix={arXiv},
    primaryClass={cs.SI}
}

%16
@article{fasttext,
  title={Bag of Tricks for Efficient Text Classification},
  author={Joulin, Armand and Grave, Edouard and Bojanowski, Piotr and Mikolov, Tomas},
  journal={arXiv preprint arXiv:1607.01759},
  year={2016}
}

%15
@inproceedings{glove,
  author = {Jeffrey Pennington and Richard Socher and Christopher D. Manning},
  booktitle = {Empirical Methods in Natural Language Processing (EMNLP)},
  title = {GloVe: Global Vectors for Word Representation},
  year = {2014},
  pages = {1532--1543},
  url = {http://www.aclweb.org/anthology/D14-1162},
}

%14
@misc{word2vec,
    title={Efficient Estimation of Word Representations in Vector Space},
    author={Tomas Mikolov and Kai Chen and Greg Corrado and Jeffrey Dean},
    year={2013},
    eprint={1301.3781},
    archivePrefix={arXiv},
    primaryClass={cs.CL}
}

%13
@article{skipgram,
    title={Efficient Estimation of Word Representations in Vector Space},
    author={Tomas Mikolov and Kai Chen and Greg Corrado and Jeffrey Dean},
    year={2013},
    eprint={1301.3781},
    archivePrefix={arXiv},
    primaryClass={cs.CL}
}

%12
@misc{linkedin,
  author = {Linkedin Help Section Page},
  title = {{`People You May Know Feature - Overview'}},
  howpublished = "\url{https://www.linkedin.com/pulse/people-also-viewed-who-how-got-onto-my-profile-sid-clark/} and \url{https://www.linkedin.com/help/linkedin/answer/29}",
  year = {2019}, 
  note = "[Online; accessed 02-Apr-2020]"
}
%https://www.linkedin.com/pulse/people-also-viewed-who-how-got-onto-my-profile-sid-clark/
 
%11
@misc{facebook,
  author = {Facebook Help Section Page},
  title = {{`People You May Know'}},
  howpublished = "\url{https://www.facebook.com/help/336320879782850/?helpref=hc_fnav}",
  year = {}, 
  note = "[Online; accessed 02-Apr-2020]"
}


%10
@article{PinSage,
  author    = {Rex Ying and
               Ruining He and
               Kaifeng Chen and
               Pong Eksombatchai and
               William L. Hamilton and
               Jure Leskovec},
  title     = {Graph Convolutional Neural Networks for Web-Scale Recommender Systems},
  journal   = {CoRR},
  volume    = {abs/1806.01973},
  year      = {2018},
  url       = {http://arxiv.org/abs/1806.01973},
  archivePrefix = {arXiv},
  eprint    = {1806.01973},
  timestamp = {Mon, 13 Aug 2018 16:46:26 +0200},
  biburl    = {https://dblp.org/rec/journals/corr/abs-1806-01973.bib},
  bibsource = {dblp computer science bibliography, https://dblp.org}
}

%9
@article{snap,
  author    = {Jure Leskovec and
               Rok Sosic},
  title     = {{SNAP:} {A} General Purpose Network Analysis and Graph Mining Library},
  journal   = {CoRR},
  volume    = {abs/1606.07550},
  year      = {2016},
  url       = {http://arxiv.org/abs/1606.07550},
  archivePrefix = {arXiv},
  eprint    = {1606.07550},
  timestamp = {Mon, 13 Aug 2018 16:46:30 +0200},
  biburl    = {https://dblp.org/rec/journals/corr/LeskovecS16.bib},
  bibsource = {dblp computer science bibliography, https://dblp.org}
}

%8.1
@article{khalid,
author = {Haruna, Khalid and Ismail, Maizatul Akmar and Suhendroyono, Suhendroyono and Damiasih, Damiasih and Pierewan, Adi and Chiroma, Haruna and Herawan, Tutut},
year = {2017},
month = {12},
pages = {1211},
title = {Context-Aware Recommender System: A Review of Recent Developmental Process and Future Research Direction},
volume = {7},
journal = {Applied Sciences},
doi = {10.3390/app7121211}
}

%8
@misc{buzz,
  author = {Maruti Techlabs},
  title = {{`Social Network Visualizer - Manual'}},
  howpublished = "\url{https://www.businessinsider.in/Why-Netflix-thinks-its-personalized-recommendation-engine-is-worth-1-billion-per-year/articleshow/52754724.cms}",
  year = {2016}, 
  note = "[Online; accessed 20-May-2020]"
}

buzz
https://towardsdatascience.com/5-advantages-recommendation-engines-can-offer-to-businesses-10b663977673

%7
@misc{netflix2,
  author = {Nathan Mcalone, Business Insider Inc.},
  title = {{`Why Netflix thinks its personalized recommendation engine is worth \$1 billion per year'}},
  howpublished = "\url{https://www.businessinsider.in/Why-Netflix-thinks-its-personalized-recommendation-engine-is-worth-1-billion-per-year/articleshow/52754724.cms}",
  year = {2016}, 
  note = "[Online; accessed 20-May-2020]"
}

%6
@article{youtube,
    title={The YouTube Video Recommendation System.},
    author = {James Davidson et. al.},
    year={2010},
    journal={Recsys},
}

%5
@article{netflix,
    title={The netflix recommender system: Algorithms, business value, and innovation.},
    author = {Carlos A Gomez-Uribe and Neil Hunt},
    year={2016},
    journal={TMIS 6, 4},%13
}

%4
@article{shuai,
  author    = {Shuai Zhang and Lina Yao and Aixin Sun},
  title     = {Deep Learning based Recommender System: {A} Survey and New Perspectives},
  journal   = {CoRR},
  volume    = {abs/1707.07435},
  year      = {2017},
  url       = {http://arxiv.org/abs/1707.07435},
  archivePrefix = {arXiv},
  eprint    = {1707.07435},
  timestamp = {Mon, 19 Nov 2018 13:08:35 +0100},
  biburl    = {https://dblp.org/rec/bib/journals/corr/ZhangYS17aa},
  bibsource = {dblp computer science bibliography, https://dblp.org}
}

%3
@misc{stats,
  author = {Statista},
  title = {{Number of social media users worldwide from 2010 to 2021}},
  howpublished = "\url{https://www.statista.com/statistics/278414/number-of-worldwide-social-network-users/}",
  year = {2019}, 
  note = "[Online; accessed 17-Feb-2020]"
}

%2
@misc{snpwiki,
  author = {Wikipedia},
  title = {{`Social networking service'}},
  howpublished = "\url{https://en.wikipedia.org/wiki/Social_networking_service#:~:text=online\%20social\%20networks\%20are\%20decentralized,-\%20and\%20employment-oriented\%20site)}",
  year = {}, 
  note = "[Online; accessed 08-Aug-2020]"
}

%1
@misc{socnet,
  author = {Dimitris V. Kalamaras},
  title = {{`Social Network Visualizer - Manual'}},
  howpublished = "\url{https://socnetv.org/docs/index.html}",
  year = {}, 
  note = "[Online; accessed 02-Apr-2020]"
}
